<?xml version="1.0" encoding="UTF-8"?><collection xmlns="http://www.loc.gov/MARC21/slim"><record><leader>00569nam--2200181-i-4500</leader><controlfield tag="001">000040147</controlfield><controlfield tag="002">20161230</controlfield><controlfield tag="005">20161230201042</controlfield><controlfield tag="008">060222s1000------------r-----000-0-fre-d</controlfield><datafield ind1=" " ind2=" " tag="040"><subfield code="a">IFIN-HH</subfield></datafield><datafield ind1=" " ind2=" " tag="041"><subfield code="a">fre</subfield></datafield><datafield ind1=" " ind2=" " tag="080"><subfield code="a">539.186.2:535.338.43(043)</subfield></datafield><datafield ind1="1" ind2=" " tag="100"><subfield code="a">Runge, Serge</subfield></datafield><datafield ind1="1" ind2="0" tag="245"><subfield code="a">Ionisation associative d`atomes de neon et d`helium par collisions avec des atomes d`helium excites 3 p d`e nergies thermiques</subfield><subfield code="b">These</subfield><subfield code="c">Serge runge</subfield></datafield><datafield ind1=" " ind2=" " tag="260"><subfield code="a">Paris</subfield><subfield code="b">Universite De Paris-sud</subfield><subfield code="c">1980</subfield></datafield><datafield ind1=" " ind2=" " tag="300"><subfield code="a">103P</subfield></datafield><datafield ind1=" " ind2=" " tag="852"><subfield code="a">70589</subfield><subfield code="c">539.18</subfield></datafield><datafield ind1=" " ind2=" " tag="CAT"><subfield code="a">Sys</subfield><subfield code="c">20120706</subfield><subfield code="h">145136</subfield></datafield></record></collection>